@article{liuzhongqi2010,
  title={基于 BP 神经网络的飞行绩效评价模型},
  author={柳忠起 and 袁修干 and 樊瑜波},
  journal={北京航空航天大学学报},
  volume={36},
  number={4},
  pages={403--406},
  year={2010}
}

@article{zhangfaming2016,
  title={融合系统聚类与 BP 神经网络的世界碳排放预测模型研究},
  author={张发明 and 王艳旭},
  journal={数学的实践与认识},
  number={1},
  pages={77--84},
  year={2016}
}

@article{guozhonghua2008,
  title={用灰色关联度法评价雨量预报方法问题},
  author={郭中华 and 董向成 and 蒋兴加 and 周玲},
  journal={甘肃高师学报},
  number={5},
  pages={44--46},
  year={2008}
}

@misc{Sallybin2013,
  author = {Sallybin},
  title = {{数据预测之BP神经网络具体应用以及matlab代码 - SallyBin - 博客园}},
  url = {https://www.cnblogs.com/sallybin/p/3169572.html},
  howpublished = {\url{https://www.cnblogs.com/sallybin/p/3169572.html}},
  urldate = {2019-05-04},
  year = {2013}
}

@misc{huanganwei2018,
  author = {黄安伟},
  booktitle = {纽约时报中文网},
  title = {报告称中国减排力度难以实现全球目标 - 纽约时报中文网},
  url = {https://cn.nytimes.com/china/20180720/china-climate-change-report/},
  howpublished = {\url{http://cn.nytimes.com/china/20180720/china-climate-change-report/}},
  urldate = {2019-05-04},
  year = {2018}
}

@online{Fauske2006,
  author = {Fauske, Kjell},
  title = {Neural network | TikZ example},
  url = {http://www.texample.net/tikz/examples/neural-network/},
  howpublished = {\url{http://www.texample.net/tikz/examples/neural-network/}},
  urldate = {2019-05-04},
  year = {2006}
}

@article{NCEPU2019,
  author = {NCEPU},
  file = {:D$\backslash$:/我的文档/2019年华北电力大学（保定）校内数学建模竞赛题目/A题/A题 碳排放预测及减排建议.pdf:pdf},
  title = {{A 题：碳排放预测及减排建议}},
  year = {2019}
}

@misc{de2013,
abstract = {灰色系统理论由我国著名学者邓聚龙教授于1982提出。灰色关联分析是灰色系统理论的一个分支，应用灰色关联分析方法对受多种因素影响的事物和现象从整体观念出发进行综合评价是一个被广为接受的方法。},
author = {天涯de何处},
booktitle = {新浪博客},
title = {{[原创]灰色关联分析及Matlab程序实现{\_}天涯de何处{\_}新浪博客}},
url = {http://blog.sina.cn/dpool/blog/s/blog{\_}b3509cfd0101bt0t.html},
howpublished = {\url{http://blog.sina.cn/dpool/blog/s/blog{\_}b3509cfd0101bt0t.html}},
urldate = {2019-05-04},
year = {2013}
}